
@Misc{OMAPBootloaderOverview,
	Title                    = {Bootloader Project},
	
	Author                   = {OMAPpedia},
	
	Owner                    = {urs},
	Timestamp                = {2015.10.10},
	Url                      = {http://omappedia.org/wiki/Bootloader_Project}
}

@misc{wikiEmbedded,
 	author = "Wikipedia",
 	title = "Eingebettetes System --- Wikipedia{,} Die freie Enzyklopädie",
 	year = "2015",
 	url = "https://de.wikipedia.org/w/index.php?title=Eingebettetes_System&oldid=145312335",
 	note = "[Online; Stand 10. Oktober 2015]"
}

 @misc{ wikiAtlas,
 	author = "Wikipedia",
 	title = "ATLAS experiment --- Wikipedia{,} The Free Encyclopedia",
 	year = "2015",
 	url = "https://en.wikipedia.org/w/index.php?title=ATLAS_experiment&oldid=683613146",
 	note = "[Online; accessed 11-October-2015]"
 }

@article{ wikiCernServer
	author = "Gary Richmond",
	year = "2008",
	url = "http://www.freesoftwaremagazine.com/articles/large_hadron_collider_switches_if_its_end_world_it_will_be_powered_gnu_linux"
	}

@misc {embeddedSpecials,
	author = "M. Muruganandam",
	url = "http://www.slideshare.net/murugan_m1/embedded-system-basics"
	
	}

@misc{ wikiFirmware,
	author = "Wikipedia",
	title = "Firmware --- Wikipedia{,} Die freie Enzyklopädie",
	year = "2015",
	url = "https://de.wikipedia.org/w/index.php?title=Firmware&oldid=146899876",
	note = "[Online; Stand 11. Oktober 2015]"
}

@misc{ firmwareUpgrade
	url = "https://commons.wikimedia.org/wiki/File:Firmware_upgrade.jpg"
	}